2479 3508
1015 638 1653 799 Erstes Capitel.
461 843 2216 951 Abreise. — Fahrt von Plymouth nach Madera. — Beschreibung die¬
1212 909 1450 1004 ser Insel.
1026 1124 2205 1238 Ubi animus ex multis miseriis atque periculis requie
958 1221 2214 1283 vit, — statui res gestas - - perscribere; tamen (hoc) in¬
949 1265 2212 1320 primis arduum videtur, - quia plerique, quae delicta re¬
945 1311 2216 1360 prehenderis, malivolentia et invidia putant, ubi de magna
940 1342 2219 1397 virtute et gloria bonorum memores, quae sibi quisque
936 1446 1430 1521 ficta, pro falsis ducit.
940 1389 2219 1444 facilia factu putat, aequo animo accipit; supra ea, veluti
1775 1466 1949 1570 Sallust.
459 1572 2219 1717 Kaum war das Schiff Endeavour im Jahre 1771 wieder nach
459 1695 2216 1795 England zurückgekommen, als man schon den Entwurf zu ei¬
459 1768 2219 1861 ner neuen Reise machte, auf welcher die südlichen Gegenden un¬
459 1859 2108 1947 srer Erdkugel weiter erforscht und untersucht werden sollten.
596 1903 2212 2015 Zwei tüchtige, starke Schiffe, die Resolution und die Ad-
459 1998 2212 2068 venture, wurden zu dem Ende als königliche Schiffe vom sech¬
453 2057 2227 2166 sten Range (Sloops) ausgerüstet, und die Capitaine Jacob Cook
457 2128 2216 2230 und Tobias Furneaux zu Befehlshabern ernannt. Am 11. Ju¬
459 2203 2225 2289 nius erhielten mein Vater und ich Befehl, diese Reise gleichfalls
459 2287 2216 2373 zu unternehmen, um Gegenstände der Naturgeschichte zu sam¬
453 2351 2210 2441 meln, zu beschreiben und zu zeichnen. In möglichster Geschwin¬
457 2426 2212 2519 digkeit rüsteten wir uns zu diesem wichtigen Vorhaben, und
461 2499 2219 2589 schickten innerhalb neun Tagen alle unsere Reisegeräthschaft an
453 2585 2216 2671 Bord der Resolution, welche damals noch bei Sheerneß lag, am
461 2631 1534 2742 22. aber schon nach Plymouth abging.
603 2726 2216 2815 Am 26. verließen auch wir London, und kamen, weil wir
459 2806 2216 2883 zu Lande reisten, schon in zwei Tagen nach Plymouth, wo
461 2868 2225 2960 aber unser Schiff noch nicht eingetroffen war. Den 1. Julius
459 2943 2219 3022 verfügten wir uns an Bord der Jagd Augustus, und machten
461 3015 2225 3088 dem damaligen Präsidenten des Admiralitätscollegiums, dem
459 3077 2219 3190 Grafen Sandwich, unsere Aufwartung. Se. Herrlichkeit (My¬
